@article{titchmarsh1926zeros,
  title={The zeros of certain integral functions},
  author={Titchmarsh, E\_ C},
  journal={Proceedings of the London Mathematical Society},
  volume={2},
  number={1},
  pages={283--302},
  year={1926},
  publisher={Wiley Online Library}
}

@book{hormander2004analysis,
  title={The Analysis of Linear Partial Differential Operators II: Differential Operators with Constant Coefficients},
  author={H{\"o}rmander, L.},
  isbn={9783540225164},
  lccn={89026134},
  series={Classics in Mathematics},
  url={https://books.google.com/books?id=gooxPWEYucAC},
  year={2004},
  publisher={Springer Berlin Heidelberg}
}

@book{hormander2015analysis,
  title={The Analysis of Linear Partial Differential Operators I: Distribution Theory and Fourier Analysis},
  author={H{\"o}rmander, L.},
  isbn={9783642614972},
  series={Classics in Mathematics},
  url={https://books.google.com/books?id=aaLrCAAAQBAJ},
  year={2015},
  publisher={Springer Berlin Heidelberg}
}

@book{hormander1973introduction,
  title={An Introduction to Complex Analysis in Several Variables},
  author={Hormander, L.},
  isbn={9780444105233},
  lccn={73081532},
  series={ISSN},
  url={https://books.google.com/books?id=MaM7AAAAQBAJ},
  year={1973},
  publisher={Elsevier Science}
}
