@article{titchmarsh1926zeros,
  title={The zeros of certain integral functions},
  author={Titchmarsh, E\_ C},
  journal={Proceedings of the London Mathematical Society},
  volume={2},
  number={1},
  pages={283--302},
  year={1926},
  publisher={Wiley Online Library}
}

@book{hormander2004analysis,
  title={The Analysis of Linear Partial Differential Operators II: Differential Operators with Constant Coefficients},
  author={H{\"o}rmander, L.},
  isbn={9783540225164},
  lccn={89026134},
  series={Classics in Mathematics},
  url={https://books.google.com/books?id=gooxPWEYucAC},
  year={2004},
  publisher={Springer Berlin Heidelberg}
}

@book{hormander2015analysis,
  title={The Analysis of Linear Partial Differential Operators I: Distribution Theory and Fourier Analysis},
  author={H{\"o}rmander, L.},
  isbn={9783642614972},
  series={Classics in Mathematics},
  url={https://books.google.com/books?id=aaLrCAAAQBAJ},
  year={2015},
  publisher={Springer Berlin Heidelberg}
}

@book{hormander1973introduction,
  title={An Introduction to Complex Analysis in Several Variables},
  author={Hormander, L.},
  isbn={9780444105233},
  lccn={73081532},
  series={ISSN},
  url={https://books.google.com/books?id=MaM7AAAAQBAJ},
  year={1973},
  publisher={Elsevier Science}
}

@book{dyatlov2019mathematical,
  title={Mathematical Theory of Scattering Resonances},
  author={Dyatlov, S. and Zworski, M.},
  isbn={9781470443665},
  lccn={2019006281},
  series={Graduate Studies in Mathematics},
  url={https://books.google.com/books?id=atCuDwAAQBAJ},
  year={2019},
  publisher={American Mathematical Society}
}

@book{evans10,
  added-at = {2015-07-29T08:37:26.000+0200},
  address = {Providence, R.I.},
  author = {Evans, Lawrence C.},
  biburl = {https://www.bibsonomy.org/bibtex/2f5b120723ea78913e7e700ddd1a99301/ytyoun},
  interhash = {59982ce44cc43813ccb14c0d647a59ee},
  intrahash = {f5b120723ea78913e7e700ddd1a99301},
  isbn = {9780821849743 0821849743},
  keywords = {partial.differential.equations pde textbook},
  publisher = {American Mathematical Society},
  refid = {465190110},
  timestamp = {2015-07-29T08:37:26.000+0200},
  title = {Partial differential equations},
  year = 2010
}

@article{froese1997asymptotic,
  title={Asymptotic distribution of resonances in one dimension},
  author={Froese, Richard},
  journal={Journal of differential equations},
  volume={137},
  number={2},
  pages={251--272},
  year={1997},
  publisher={New York, Academic Press.}
}

@book{levin1964distribution,
  title={Distribution of Zeros of Entire Functions},
  author={Levin, B.I.A.},
  isbn={9780821845059},
  lccn={80036891},
  series={Translations of mathematical monographs},
  url={https://books.google.com/books?id=85nS0a3gzWIC},
  year={1964},
  publisher={American Mathematical Society}
}

@article{cevik_2016,
   title={Resonances and antibound states for the Pöschl–Teller potential: Ladder operators and SUSY partners},
   volume={380},
   ISSN={0375-9601},
   url={http://dx.doi.org/10.1016/j.physleta.2016.03.003},
   DOI={10.1016/j.physleta.2016.03.003},
   number={18-19},
   journal={Physics Letters A},
   publisher={Elsevier BV},
   author={Çevik, D. and Gadella, M. and Kuru, Ş. and Negro, J.},
   year={2016},
   pages={1600–1609}
}

@misc{tang2007potential,
  title={Potential scattering on the real line},
  author={Tang, Siu-Hung and Zworski, Maciej},
  url={https://math.berkeley.edu/~zworski/tz1.pdf}
}

@article{jensen1981time,
  title={Time-delay in potential scattering theory. Some ``geometric'' results},
  author={Jensen, Arne and others},
  journal={Communications in Mathematical Physics},
  volume={82},
  number={3},
  pages={435--456},
  year={1981},
  publisher={Springer-Verlag}
}

@article{petersen2008matrix,
  title={The Matrix Cookbook, vol. 7},
  author={Petersen, KB and Pedersen, MS and others},
  journal={Technical University of Denmark},
  volume={15},
  year={2008}
}

@article{zworski1987distribution,
  title={Distribution of poles for scattering on the real line},
  author={Zworski, Maciej},
  journal={Journal of functional analysis},
  volume={73},
  number={2},
  pages={277--296},
  year={1987},
  publisher={Elsevier}
}

@misc{sjostrand2002lectures,
  title={Lectures on resonances},
  author={Sj{\"o}strand, Johannes},
  year={2002},
  url={http://sjostrand.perso.math.cnrs.fr/Coursgbg.pdf}
}

@thesis{backus2020conjecture,
  title={A conjecture on the resonances of a non-compactly supported potential},
  author={Backus, Aidan},
  type={Bachelor's thesis},
  school={UC Berkeley},
  year={2020},
  url={https://ocf.io/abackus/thesis.pdf}
}

@article{gerard1989breit,
  title={Breit-Wigner formulas for the scattering phase and the total scattering cross-section in the semi-classical limit},
  author={G{\'e}rard, C and Martinez, A and Robert, D},
  journal={Communications in mathematical physics},
  volume={121},
  number={2},
  pages={323--336},
  year={1989},
  publisher={Springer}
}

@article{bruneau2003meromorphic,
  title={Meromorphic continuation of the spectral shift function},
  author={Bruneau, Vincent and Petkov, Vesselin and others},
  journal={Duke Mathematical Journal},
  volume={116},
  number={3},
  pages={389--430},
  year={2003},
  publisher={Duke University Press}
}

@article{petkov1999breit,
  title={Breit--Wigner Approximation and the Distribution of Resonances},
  author={Petkov, Vesselin and Zworski, Maciej},
  journal={Communications in mathematical physics},
  volume={204},
  number={2},
  pages={329--351},
  year={1999},
  publisher={Springer}
}

@inproceedings{petkov2001semi,
  title={Semi-classical estimates on the scattering determinant},
  author={Petkov, Vesselin and Zworski, Maciej},
  booktitle={Annales Henri Poincar{\'e}},
  volume={2},
  number={4},
  pages={675--711},
  year={2001},
  organization={Springer}
}
