@Inbook{Crandall2008,
author="Crandall, Michael G.",
editor="Dacorogna, Bernard
and Marcellini, Paolo",
title="A Visit with the infinity-Laplace Equation",
bookTitle="Calculus of Variations and Nonlinear Partial Differential Equations: With a historical overview by Elvira Mascolo",
year="2008",
publisher="Springer Berlin Heidelberg",
address="Berlin, Heidelberg",
pages="75--122",
abstract="In these notes we present an outline of the theory of the archetypal L-infinity variational problem in the calculus of variations. Namely, given an open U ⊂ IRnand b ∈ C(∂U), find u ∈ C ({\={U}}) which agrees with the boundary function b on ∂U and minimizes",
isbn="978-3-540-75914-0",
doi="10.1007/978-3-540-75914-0_3",
url="https://doi.org/10.1007/978-3-540-75914-0_3"
}

@article{Ishii92,
author = {Hitoshi Ishii},
title = {{Perron's method for monotone systems of second-order elliptic partial differential equations}},
volume = {5},
journal = {Differential and Integral Equations},
number = {1},
publisher = {Khayyam Publishing, Inc.},
pages = {1 -- 24},
year = {1992},
doi = {die/1371086978},
URL = {https://doi.org/10.57262/die/1371086978}
}

@article{Peres_2008,
	doi = {10.1090/s0894-0347-08-00606-1},
  
	url = {https://doi.org/10.1090%2Fs0894-0347-08-00606-1},
  
	year = 2008,
	month = {7},
  
	publisher = {American Mathematical Society ({AMS})},
  
	volume = {22},
  
	number = {1},
  
	pages = {167--210},
  
	author = {Yuval Peres and Oded Schramm and Scott Sheffield and David Wilson},
  
	title = {Tug-of-war and the infinity Laplacian},
  
	journal = {Journal of the American Mathematical Society}
}

@article{Barron2001,
author = {Barron, E. N. and Jensen, R. R. and Wang, C. Y.},
journal = {Annales de l'I.H.P. Analyse non linéaire},
number = {4},
pages = {495-517},
publisher = {Elsevier},
url = {http://eudml.org/doc/78529},
volume = {18},
year = {2001},
title = {Lower semicontinuity of Linfinity functionals},
}

@book{lindqvist2019notes,
  title={Notes on the Stationary p-Laplace Equation},
  author={Lindqvist, P.},
  isbn={9783030145002},
  series={SpringerBriefs in Mathematics},
  url={https://books.google.com/books?id=0GtlwQEACAAJ},
  year={2019},
  publisher={Springer International Publishing}
}

@misc{lindqvist2015notes,
      title={Notes on the Infinity-Laplace Equation}, 
      author={Peter Lindqvist},
      year={2015},
      eprint={1411.1278},
      archivePrefix={arXiv},
      primaryClass={math.AP}
}