@book{gilligan2012lectures,
  title={Lectures on Riemann Surfaces},
  author={Gilligan, B. and Forster, O.},
  isbn={9781461259619},
  series={Graduate Texts in Mathematics},
  url={https://books.google.com/books?id=6wvpBwAAQBAJ},
  year={2012},
  publisher={Springer New York}
}

@book{evans2010partial,
  title={Partial Differential Equations},
  author={Evans, L.C.},
  isbn={9780821849743},
  lccn={2009044716},
  series={Graduate studies in mathematics},
  url={https://books.google.com/books?id=Xnu0o\_EJrCQC},
  year={2010},
  publisher={American Mathematical Society}
}

@book{h√∂rmander1994analysis,
  title={The Analysis of Linear Partial Differential Operators III: Pseudo-Differential Operators},
  author={H{\"o}rmander, L.},
  isbn={9783540138280},
  lccn={83000616},
  series={Grundlehren der mathematischen Wissenschaften},
  url={https://books.google.com/books?id=Bv4KlsyxSsYC},
  year={1994},
  publisher={Springer Berlin Heidelberg}
}

@book{lang1993real,
  title={Real and Functional Analysis},
  author={Lang, S.},
  isbn={9780387940014},
  lccn={92021208},
  series={Graduate Texts in Mathematics},
  url={https://books.google.com/books?id=\_3F4opD1X84C},
  year={1993},
  publisher={Springer New York}
}
