@article{Oh_2018,
	doi = {10.1007/s00220-018-3205-x},
  
	url = {https://doi.org/10.1007%2Fs00220-018-3205-x},
  
	year = 2018,
	month = 7,
  
	publisher = {Springer Science and Business Media {LLC}
},
  
	volume = {365},
  
	number = {2},
  
	pages = {685--739},
  
	author = {Sung-Jin Oh and Daniel Tataru},
  
	title = {The Hyperbolic Yang{\textendash}Mills Equation for Connections in an Arbitrary Topological Class},
  
	journal = {Communications in Mathematical Physics}
}

@article{Anzellotti1983,
author={Anzellotti, Gabriele},
title={Pairings between measures and bounded functions and compensated compactness},
journal={Annali di Matematica Pura ed Applicata},
year={1983},
month={12},
day={01},
volume={135},
number={1},
pages={293-318},
issn={1618-1891},
doi={10.1007/BF01781073},
url={https://doi.org/10.1007/BF01781073}
}


@Inbook{Andreu-Vaillo2004,
author="Andreu-Vaillo, Fuensanta
and Maz{\'o}n, Jos{\'e} M.
and Caselles, Vicent",
title="The Dirichlet Problem for the Total Variation Flow",
bookTitle="Parabolic Quasilinear Equations Minimizing Linear Growth Functionals",
year="2004",
publisher="Birkh{\"a}user Basel",
address="Basel",
pages="125--162",
isbn="978-3-0348-7928-6",
doi="10.1007/978-3-0348-7928-6_5",
url="https://doi.org/10.1007/978-3-0348-7928-6_5"
}

@article{GórnyMazón+2022,
url = {https://doi.org/10.1515/acv-2021-0107},
title = {The Neumann and Dirichlet problems for the total variation flow in metric measure spaces},
title = {},
author = {Wojciech Górny and José M. Mazón},
journal = {Advances in Calculus of Variations},
doi = {doi:10.1515/acv-2021-0107},
year = {2022},
lastchecked = {2023-10-04}
}

@article{Miranda66,
     author = {Miranda, M.},
     title = {Sul minimo dell'integrale del gradiente di una funzione},
     journal = {Annali della Scuola Normale Superiore di Pisa - Classe di Scienze},
     pages = {653--654},
     publisher = {Scuola normale superiore},
     volume = {Ser. 3, 20},
     number = {3},
     year = {1966},
     zbl = {0166.09604},
     mrnumber = {202020},
     language = {it},
     url = {http://www.numdam.org/item/ASNSP_1966_3_20_3_653_0/}
}



@misc{daskalopoulos2022analytic,
      title={Analytic properties of Stretch maps and geodesic laminations}, 
      author={Georgios Daskalopoulos and Karen Uhlenbeck},
      year={2022},
      eprint={2205.08250},
      archivePrefix={arXiv},
      primaryClass={math.DG}
}

@INPROCEEDINGS{Goldluecke10,

  author={Goldluecke, Bastian and Cremers, Daniel},

  booktitle={2010 IEEE Computer Society Conference on Computer Vision and Pattern Recognition}, 

  title={An approach to vectorial total variation based on geometric measure theory}, 

  year={2010},

  volume={},

  number={},

  pages={327-333},

  doi={10.1109/CVPR.2010.5540194}}

@article{Mazon14,
 ISSN = {00222518, 19435258},
 URL = {http://www.jstor.org/stable/24904253},
 abstract = {In this paper, we find the Euler-Lagrange equation corresponding to functions of least gradient. It turns out that this equation can be identified with the 1-Laplacian. Moreover, given a Lipschitz domain Ω, we prove that there exists a function of least gradient in Ω that extends every datum belonging to L1(∂Ω). We show, as well, the non-uniqueness of solutions in the case of discontinuous boundary values.},
 author = {José M. Mazón and Julio D. Rossi and Sergio Segura de León},
 journal = {Indiana University Mathematics Journal},
 number = {4},
 pages = {1067--1084},
 publisher = {Indiana University Mathematics Department},
 title = {Functions of Least Gradient and 1-Harmonic Functions},
 urldate = {2023-06-29},
 volume = {63},
 year = {2014}
}

@unpublished{BackusCML,
author = {Backus, A.},
title = {Minimal laminations and level sets of 1-harmonic functions},
note = {In preparation}}

