@article{Falconer85,
author = {Falconer, K. J.},
title = {On the Hausdorff dimensions of distance sets},
journal = {Mathematika},
volume = {32},
number = {2},
pages = {206-212},
keywords = {28A75, MEASURE AND INTEGRATION, Classical Measure theory, Geometric Measure theory},
doi = {https://doi.org/10.1112/S0025579300010998},
url = {https://londmathsoc.onlinelibrary.wiley.com/doi/abs/10.1112/S0025579300010998},
eprint = {https://londmathsoc.onlinelibrary.wiley.com/doi/pdf/10.1112/S0025579300010998},
year = {1985}
}
