@book{dyatlov2019mathematical,
  title={Mathematical Theory of Scattering Resonances},
  author={Dyatlov, S. and Zworski, M.},
  lccn={2019006281},
  series={Graduate Studies in Mathematics},
  url={http://math.mit.edu/~dyatlov/res/res_final.pdf},
  year={2019},
  publisher={American Mathematical Society}
}

@article{froese1997asymptotic,
  title={Asymptotic distribution of resonances in one dimension},
  author={Froese, R.},
  journal={Journal of Differential Equations},
  volume={137},
  number={2},
  pages={251--272},
  year={1997},
  publisher={New York, Academic Press.}
}

@book{levin1964distribution,
  title={Distribution of Zeros of Entire Functions},
  author={Levin, B.I.A.},
  lccn={80036891},
  series={Translations of Mathematical Monographs},
  year={1964},
  publisher={American Mathematical Society}
}

@article{cevik_2016,
   title={Resonances and antibound states for the Pöschl–Teller potential: Ladder operators and SUSY partners},
   volume={380},
   DOI={10.1016/j.physleta.2016.03.003},
   number={18-19},
   journal={Physics Letters A},
   publisher={Elsevier BV},
   author={Çevik, D. and Gadella, M. and Kuru, Ş. and Negro, J.},
   year={2016},
   pages={1600–1609}
}

@article{jensen1981time,
  title={Time-delay in potential scattering theory. Some ``geometric'' results},
  author={Jensen, A.},
  journal={Communications in Mathematical Physics},
  volume={82},
  number={3},
  pages={435--456},
  year={1981},
  publisher={Springer-Verlag}
}

@article{zworski1987distribution,
  title={Distribution of poles for scattering on the real line},
  author={Zworski, M.},
  journal={Journal of Functional Analysis},
  volume={73},
  number={2},
  pages={277--296},
  year={1987},
  publisher={Elsevier}
}

@misc{sjostrand2002lectures,
  title={Lectures on resonances},
  author={Sj{\"o}strand, J.},
  year={2002},
  url={http://sjostrand.perso.math.cnrs.fr/Coursgbg.pdf}
}

@thesis{backus2020conjecture,
  title={A conjecture on the resonances of a non-compactly supported potential},
  author={Backus, A.},
  type={Bachelor's thesis},
  school={UC Berkeley},
  year={2020},
  url={https://ocf.io/abackus/thesis.pdf}
}

@article{gerard1989breit,
  title={Breit-Wigner formulas for the scattering phase and the total scattering cross-section in the semi-classical limit},
  author={G{\'e}rard, C. and Martinez, A. and Robert, D.},
  journal={Communications in Mathematical Physics},
  volume={121},
  number={2},
  pages={323--336},
  year={1989},
  publisher={Springer}
}

@article{bruneau2003meromorphic,
  title={Meromorphic continuation of the spectral shift function},
  author={Bruneau, V. and Petkov, V.},
  journal={Duke Mathematical Journal},
  volume={116},
  number={3},
  pages={389--430},
  year={2003},
  publisher={Duke University Press}
}

@article{petkov1999breit,
  title={Breit--Wigner Approximation and the Distribution of Resonances},
  author={Petkov, V. and Zworski, M.},
  journal={Communications in Mathematical Physics},
  volume={204},
  number={2},
  pages={329--351},
  year={1999},
  publisher={Springer}
}

@inproceedings{petkov2001semi,
  title={Semi-classical estimates on the scattering determinant},
  author={Petkov, V. and Zworski, M.},
  booktitle={Annales Henri Poincar{\'e}},
  volume={2},
  number={4},
  pages={675--711},
  year={2001},
  organization={Springer}
}
