@article{HoFIOS1,
author = {Lars HÃ¶rmander},
title = {{Fourier integral operators. I}},
volume = {127},
journal = {Acta Mathematica},
number = {none},
publisher = {Institut Mittag-Leffler},
pages = {79 -- 183},
year = {1971},
doi = {10.1007/BF02392052},
URL = {https://doi.org/10.1007/BF02392052}
}

@book{HoAnalysis1,
  title={The Analysis of Linear Partial Differential Operators I: Distribution Theory and Fourier Analysis},
  author={H{\"o}rmander, L.},
  isbn={9783642614972},
  series={Classics in Mathematics},
  url={https://books.google.com/books?id=aaLrCAAAQBAJ},
  year={2015},
  publisher={Springer Berlin Heidelberg}
}
