
@article{Gu_ritaud_2017,
	doi = {10.2140/gt.2017.21.693},
  
	url = {https://doi.org/10.2140%2Fgt.2017.21.693},
  
	year = 2017,
  
	publisher = {Mathematical Sciences Publishers},
  
	volume = {21},
  
	number = {2},
  
	pages = {693--840},
  
	author = {Fran{\c{c}
}ois Gu{\'{e}}ritaud and Fanny Kassel},
  
	title = {Maximally stretched laminations on geometrically finite hyperbolic manifolds},
  
	journal = {Geometry and Topology}
}

@misc{Gupta98,
  doi = {10.48550/ARXIV.HEP-LAT/9807028},
  
  url = {https://arxiv.org/abs/hep-lat/9807028},
  
  author = {Gupta, Rajan},
  
  keywords = {High Energy Physics - Lattice (hep-lat), FOS: Physical sciences, FOS: Physical sciences},
  
  title = {Introduction to Lattice QCD},
  
  publisher = {arXiv},
  
  year = {1998},
  
  copyright = {Assumed arXiv.org perpetual, non-exclusive license to distribute this article for submissions made before January 2004}
}

@article{Barron2001,
author = {Barron, E. N. and Jensen, R. R. and Wang, C. Y.},
journal = {Annales de l'I.H.P. Analyse non linéaire},
number = {4},
pages = {495-517},
publisher = {Elsevier},
url = {http://eudml.org/doc/78529},
volume = {18},
year = {2001},
title = {Lower semicontinuity of Linfinity functionals},
}

@article{bangert_cui_2017, title={Calibrations and laminations}, volume={162}, DOI={10.1017/S0305004116000475}, number={1}, journal={Mathematical Proceedings of the Cambridge Philosophical Society}, publisher={Cambridge University Press}, author={BANGERT, VICTOR and CUI, XIAOJUN}, year={2017}, pages={151–171}}

@article{AUER20011095,
title = {Minimising currents and the stable norm in codimension one},
journal = {Comptes Rendus de l'Académie des Sciences - Series I - Mathematics},
volume = {333},
number = {12},
pages = {1095-1100},
year = {2001},
issn = {0764-4442},
doi = {https://doi.org/10.1016/S0764-4442(01)02188-7},
url = {https://www.sciencedirect.com/science/article/pii/S0764444201021887},
author = {Franz Auer and Victor Bangert},
}

@article{Scott95,
 ISSN = {00029947},
 author = {Chad Scott},
 journal = {Transactions of the American Mathematical Society},
 number = {6},
 pages = {2075--2096},
 publisher = {American Mathematical Society},
 title = {Lp Theory of Differential Forms on Manifolds},
 urldate = {2023-01-17},
 volume = {347},
 year = {1995}
}

@book{evans2010partial,
  title={Partial Differential Equations},
  author={Evans, L.C.},
  isbn={9780821849743},
  lccn={2009044716},
  series={Graduate studies in mathematics},
  url={https://books.google.com/books?id=Xnu0o\_EJrCQC},
  year={2010},
  publisher={American Mathematical Society}
}

@article{Uhlenbeck77,
author = {K. Uhlenbeck},
title = {{Regularity for a class of non-linear elliptic systems}},
volume = {138},
journal = {Acta Mathematica},
number = {none},
publisher = {Institut Mittag-Leffler},
pages = {219 -- 240},
year = {1977},
doi = {10.1007/BF02392316},
URL = {https://doi.org/10.1007/BF02392316}
}

@misc{Lindqvist14,
  doi = {10.48550/ARXIV.1411.1278},
  
  url = {https://arxiv.org/abs/1411.1278},
  
  author = {Lindqvist, Peter},
  
  keywords = {Analysis of PDEs (math.AP), FOS: Mathematics, FOS: Mathematics},
  
  title = {Notes on the Infinity-Laplace Equation},
  
  publisher = {arXiv},
  
  year = {2014},
  
  copyright = {arXiv.org perpetual, non-exclusive license}
}

@book{cessenat1996mathematical,
  title={Mathematical Methods In Electromagnetism: Linear Theory And Applications},
  author={Cessenat, M.},
  isbn={9789814525381},
  series={Series On Advances In Mathematics For Applied Sciences},
  url={https://books.google.com/books?id=kZTsCgAAQBAJ},
  year={1996},
  publisher={World Scientific Publishing Company}
}

@misc{daskalopoulos2020transverse,
  doi = {10.48550/ARXIV.2010.06551},
  
  url = {https://arxiv.org/abs/2010.06551},
  
  author = {Daskalopoulos, Georgios and Uhlenbeck, Karen},
  
  keywords = {Differential Geometry (math.DG), FOS: Mathematics, FOS: Mathematics},
  
  title = {Transverse Measures and Best Lipschitz and Least Gradient Maps},
  
  publisher = {arXiv},
  
  year = {2020},
  
  copyright = {arXiv.org perpetual, non-exclusive license}
}

@Inbook{Crandall2008,
author="Crandall, Michael G.",
editor="Dacorogna, Bernard
and Marcellini, Paolo",
title="A Visit with the infinity-Laplace Equation",
bookTitle="Calculus of Variations and Nonlinear Partial Differential Equations: With a historical overview by Elvira Mascolo",
year="2008",
publisher="Springer Berlin Heidelberg",
address="Berlin, Heidelberg",
pages="75--122",
abstract="In these notes we present an outline of the theory of the archetypal L-infinity variational problem in the calculus of variations. Namely, given an open U ⊂ IRnand b ∈ C(∂U), find u ∈ C ({\={U}}) which agrees with the boundary function b on ∂U and minimizes",
isbn="978-3-540-75914-0",
doi="10.1007/978-3-540-75914-0_3",
url="https://doi.org/10.1007/978-3-540-75914-0_3"
}

@article{Harvey82,
author = {Reese Harvey and H. Blaine Lawson},
title = {{Calibrated geometries}},
volume = {148},
journal = {Acta Mathematica},
number = {none},
publisher = {Institut Mittag-Leffler},
pages = {47 -- 157},
year = {1982},
doi = {10.1007/BF02392726},
URL = {https://doi.org/10.1007/BF02392726}
}

@Book{Simon84,
author = { Simon, L. M. },
title = { Lectures on geometric measure theory / Leon Simon },
isbn = { 0867844299 },
publisher = { Centre for Mathematical Analysis, Australian National University Canberra },
pages = { vii, 272 p. ; },
year = { 1984 },
type = { Book },
language = { English },
subjects = { Geometric measure theory; Geometric measure theory. },
life-dates = { 1984 -  },
}

@book{Ekeland99,
    author = {Ekeland, Ivar and T\'{e}man, Roger},
    title = {Convex Analysis and Variational Problems},
    year = {1999},
    isbn = {089714508},
    publisher = {Society for Industrial and Applied Mathematics},
    address = {USA}
}