@unpublished{urs2005GMT,
  title={Introduction to Geometric Measure Theory},
  author={Lang, Urs},
  note={Lecture notes},
  url={https://people.math.ethz.ch/~lang/diab05_notes_rev.pdf},
  year={2005},
  month=4
}

@article{Shi91,
title={Besicovitch Covering Lemma, Hadamard manifolds, and zero entropy},
author={Quo-Shin Chi},
year={1991},
language={English},
volume={1},
pages={373--382},
journal={Journal of Geometric Analysis}
}

@book{axler2006harmonic,
  title={Harmonic Function Theory},
  author={Axler, S. and Bourdon, P. and Ramey, W.},
  isbn={9780387215273},
  lccn={92016950},
  series={Graduate Texts in Mathematics},
  url={https://books.google.com/books?id=MYHbBwAAQBAJ},
  year={2006},
  publisher={Springer New York}
}


@book{rudin1987real,
  title={Real and Complex Analysis},
  author={Rudin, Walter},
  isbn={9780070542341},
  lccn={86000007},
  series={Higher Mathematics Series},
  url={https://books.google.com/books?id=Z\_fuAAAAMAAJ},
  year={1987},
  publisher={McGraw-Hill Education}
}

@misc{Rieffel70,
URL={https://math.berkeley.edu/~rieffel/measinteg.html},
author={Marc A. Rieffel},
title={Lectures on Bochner-Lebesgue Integration},
year={1970}
}

@MISC {MO47721,
    TITLE = {Weak and Strong Integration of vector-valued functions},
    AUTHOR = {Hadi (https://mathoverflow.net/users/9962/hadi)},
    HOWPUBLISHED = {MathOverflow},
    NOTE = {URL:https://mathoverflow.net/q/47721 (version: 2010-12-04)},
    EPRINT = {https://mathoverflow.net/q/47721},
    URL = {https://mathoverflow.net/q/47721}
}

@article{Ledrappier85,
title = "The metric entropy of diffeomorphisms, part I: Characterization of measures satisfying Pesin's entropy formula",
author = "F Ledrappier and Lai-Sang Young",
year = "1985",
language = "English (US)",
volume = "122",
pages = "509--539",
journal = "Annals of Mathematics",
issn = "0003-486X",
publisher = "Princeton University Press",

}

@book{simon1983GMT,
  title={Lectures on Geometric Measure Theory},
  author={Simon, Leon},
  isbn={9780867844290},
  year={1983},
  series={Proceedings of the Centre for Mathematical Analysis},
  publisher={Centre for Mathematical Analysis, Australian National University}
}

@article{white1989new,
  title={A new proof of the compactness theorem for integral currents},
  author={White, Brian},
  journal={Comment. Math. Helvetici},
  year={1989},
  volume={64},
  month={12},
  pages={207-220},
}

@book{besse1987einstein,
  title={Einstein Manifolds},
  author={Besse, A.L.},
  isbn={9783540152798},
  lccn={86015411},
  series={Classics in mathematics},
  url={https://books.google.com/books?id=6I\_XgRJaBL0C},
  year={1987},
  publisher={Springer}
}


@book{evans2010partial,
  title={Partial Differential Equations},
  author={Evans, L.C.},
  isbn={9780821849743},
  lccn={2009044716},
  series={Graduate studies in mathematics},
  url={https://books.google.com/books?id=Xnu0o\_EJrCQC},
  year={2010},
  publisher={American Mathematical Society}
}
@book{evans1991measure,
  title={Measure Theory and Fine Properties of Functions},
  author={Evans, L.C. and Gariepy, R.F.},
  isbn={9780849371578},
  lccn={91030277},
  series={Studies in Advanced Mathematics},
  url={https://books.google.com/books?id=HZONacVPGlMC},
  year={1991},
  publisher={Taylor \& Francis}
}


@article{BOMBIERI1969,
author = {Bombieri, E. and Giorgi, E. de and Giusti, E.},
journal = {Inventiones mathematicae},
keywords = {differential geometry},
pages = {243-268},
title = {Minimal Cones and the Bernstein Problem},
url = {http://eudml.org/doc/141966},
volume = {7},
year = {1969},
}

@book{hirsch1997differential,
  title={Differential Topology},
  author={Hirsch, M.W.},
  isbn={9780387901480},
  lccn={97205726},
  series={Graduate Texts in Mathematics},
  url={https://books.google.com/books?id=iSvnvOodWl8C},
  year={1997},
  publisher={Springer New York}
}


@article{Miranda67,
     author = {Miranda, M.},
     title = {Comportamento delle successioni convergenti di frontiere minimali},
     journal = {Rendiconti del Seminario Matematico della Universit\`a di Padova},
     pages = {238--257},
     publisher = {Seminario Matematico of the University of Padua},
     volume = {38},
     year = {1967},
     zbl = {0154.37102},
     mrnumber = {222735},
     language = {it},
     url = {http://www.numdam.org/item/RSMUP_1967__38__238_0/}
}

@article{Dovgoshey0061,
title = {The Cantor function},
journal = {Expositiones Mathematicae},
volume = {24},
number = {1},
pages = {1-37},
year = {2006},
issn = {0723-0869},
doi = {https://doi.org/10.1016/j.exmath.2005.05.002},
url = {https://www.sciencedirect.com/science/article/pii/S0723086905000502},
author = {O. Dovgoshey and O. Martio and V. Ryazanov and M. Vuorinen},
keywords = {Singular functions, Cantor function, Cantor set},
abstract = {This is an attempt to give a systematic survey of properties of the famous Cantor ternary function.}
}

@book{chow2006hamilton,
  title={Hamilton's Ricci Flow},
  author={Chow, B. and Bennett Chow, P.L.L.N. and Lu, P. and Ni, L.},
  isbn={9780821842317},
  lccn={2006043027},
  series={Graduate studies in mathematics},
  url={https://books.google.com/books?id=dQYPCgAAQBAJ},
  year={2006},
  publisher={American Mathematical Society/Science Press}
}

@book{schoen1994lectures,
  title={Lectures on Differential Geometry},
  author={Schoen, R.M. and Yau, S.T.},
  isbn={9781571460127},
  lccn={93080922},
  series={Conference Proceedings and Lecture Note},
  url={https://books.google.com/books?id=d4VtQgAACAAJ},
  year={1994},
  publisher={International Press}
}

@article{gray1974volume,
author = {Alfred Gray},
title = {{The volume of a small geodesic ball of a Riemannian manifold.}},
volume = {20},
journal = {Michigan Mathematical Journal},
number = {4},
publisher = {University of Michigan, Department of Mathematics},
pages = {329 -- 344},
year = {1974},
doi = {10.1307/mmj/1029001150},
URL = {https://doi.org/10.1307/mmj/1029001150}
}


@article{Miranda66,
     author = {Miranda, Mario},
     title = {Sul minimo dell'integrale del gradiente di una funzione},
     journal = {Annali della Scuola Normale Superiore di Pisa - Classe di Scienze},
     pages = {653--654},
     publisher = {Scuola normale superiore},
     volume = {Ser. 3, 20},
     number = {3},
     year = {1966},
     zbl = {0166.09604},
     mrnumber = {202020},
     language = {it},
     url = {http://www.numdam.org/item/ASNSP_1966_3_20_3_653_0/}
}

@book{morrey2009multiple,
  title={Multiple Integrals in the Calculus of Variations},
  author={Morrey, C.B.},
  isbn={9783540699521},
  series={Classics in Mathematics},
  url={https://books.google.com/books?id=-QNKm1PBohsC},
  year={2009},
  publisher={Springer Berlin Heidelberg}
}

@article{Miranda64,
     author = {Miranda, Mario},
     title = {Superfici cartesiane generalizzate ed insiemi di perimetro localmente finito sui prodotti cartesiani},
     journal = {Annali della Scuola Normale Superiore di Pisa - Classe di Scienze},
     pages = {515--542},
     publisher = {Scuola normale superiore},
     volume = {Ser. 3, 18},
     number = {4},
     year = {1964},
     zbl = {0152.24402},
     mrnumber = {174706},
     language = {it},
     url = {http://www.numdam.org/item/ASNSP_1964_3_18_4_515_0/}
}

@article{Miranda6403,
     author = {Miranda, Mario},
     title = {Distribuzioni aventi derivate misure insiemi di perimetro localmente finito},
     journal = {Annali della Scuola Normale Superiore di Pisa - Classe di Scienze},
     pages = {27--56},
     publisher = {Scuola normale superiore},
     volume = {Ser. 3, 18},
     number = {1},
     year = {1964},
     zbl = {0131.11802},
     mrnumber = {165073},
     language = {it},
     url = {http://www.numdam.org/item/ASNSP_1964_3_18_1_27_0/}
}

@article{górny2017planar,
      title={Planar least gradient problem: existence, regularity and anisotropic case},
      author={Wojciech Górny},
      year={2018},
      journal={Calculus of Variations and Partial Differential Equations},
      publisher={Springer},
      volume={57},
      url={https://link.springer.com/article/10.1007/s00526-018-1378-y}
}

@book{baez1994gauge,
  title={Gauge Fields, Knots And Gravity},
  author={Baez, J.C. and Muniain, J.P.},
  isbn={9789813103245},
  series={Series On Knots And Everything},
  url={https://books.google.com/books?id=qvw7DQAAQBAJ},
  year={1994},
  publisher={World Scientific Publishing Company}
}


@misc{daskalopoulos2020transverse,
      title={Transverse measures and best Lipschitz and least gradient maps},
      author={Georgios Daskalopoulos and Karen Uhlenbeck},
      year={2020},
      eprint={2010.06551},
      archivePrefix={arXiv},
      primaryClass={math.DG}
}

@misc{daskalopoulosPrep1,
      title={Analytic properties of stretch maps and geodesic laminations},
      author={Georgios Daskalopoulos and Karen Uhlenbeck},
      year={2022},
      eprint={2205.08250},
      archivePrefix={arXiv},
      primaryClass={math.DG}
}

@book{Giusti77,
author = {Giusti, Enrico},
address = {Canberra},
booktitle = {Minimal surfaces and functions of bounded variation},
isbn = {0708112943},
keywords = {Minimal surfaces},
language = {eng},
lccn = {79306909},
publisher = {Dept. of Pure Mathematics},
series = {Notes on pure mathematics ; 10},
title = {Minimal surfaces and functions of bounded variation / Enrico Giusti ; notes by Graham H. Williams.},
year = {1977},
}

@article{Simons68,
 ISSN = {0003486X},
 URL = {http://www.jstor.org/stable/1970556},
 author = {James Simons},
 journal = {Annals of Mathematics},
 number = {1},
 pages = {62--105},
 publisher = {Annals of Mathematics},
 title = {Minimal Varieties in Riemannian Manifolds},
 volume = {88},
 year = {1968}
}

@article{Loisel20,
   title={Efficient algorithms for solving the p-Laplacian in polynomial time},
   volume={146},
   ISSN={0945-3245},
   url={http://dx.doi.org/10.1007/s00211-020-01141-z},
   DOI={10.1007/s00211-020-01141-z},
   number={2},
   journal={Numerische Mathematik},
   publisher={Springer Science and Business Media LLC},
   author={Loisel, Sébastien},
   year={2020},
   month={8},
   pages={369–400} }

@article{Fleming62,
author={Fleming, W. H.},
journal={Rend. Circ. Mat. Palermo},
title={On the oriented Plateau problem},
year={1962},
pages={69--90},
volume={II},
number={2}}

@book{yosida2012functional,
  title={Functional Analysis},
  author={Yosida, K.},
  isbn={9783642962103},
  series={Die Grundlehren der mathematischen Wissenschaften in Einzeldarstellungen mit besonderer Ber{\"u}cksichtigung der Anwendungsgebiete},
  url={https://books.google.com/books?id=j2jEmAEACAAJ},
  year={2012},
  publisher={Springer Berlin Heidelberg}
}

@misc{MarquesXX,
URL={https://web.math.princeton.edu/~rcabral/pdfs/minimalsurfaces.pdf},
author={Fernando Codá Marques},
title={Surfaces minimales: Théorie variationnelle et applications}
}

@misc{Tao07,
url={https://terrytao.wordpress.com/2007/06/25/ultrafilters-nonstandard-analysis-and-epsilon-management/},
author={Terence Tao},
title={Ultrafilters, nonstandard analysis, and epsilon management},
year={2007},
month={6},
day={25}}

@misc{thurston1998minimal,
      title={Minimal stretch maps between hyperbolic surfaces}, 
      author={William P. Thurston},
      year={1998},
      eprint={math/9801039},
      archivePrefix={arXiv},
      primaryClass={math.GT}
}

@article{bourgain18,
author = {Jean Bourgain and Semyon Dyatlov},
title = {{Spectral gaps without the pressure condition}},
volume = {187},
journal = {Annals of Mathematics},
number = {3},
publisher = {Department of Mathematics of Princeton University},
pages = {825 -- 867},
keywords = {fractal uncertainty principle, scattering resonance, spectral gap},
year = {2018},
doi = {10.4007/annals.2018.187.3.5},
URL = {https://doi.org/10.4007/annals.2018.187.3.5}
}

@article{Allard72,
 ISSN = {0003486X},
 URL = {http://www.jstor.org/stable/1970868},
 author = {William K. Allard},
 journal = {Annals of Mathematics},
 number = {3},
 pages = {417--491},
 publisher = {Annals of Mathematics},
 title = {On the First Variation of a Varifold},
 urldate = {2022-04-15},
 volume = {95},
 year = {1972}
}

@book{colding2011course,
  title={A Course in Minimal Surfaces},
  author={Colding, T.H. and Minicozzi, W.P.},
  isbn={9780821853238},
  lccn={2010044373},
  series={Graduate studies in mathematics},
  url={https://books.google.com/books?id=k4ODAwAAQBAJ},
  year={2011},
  publisher={American Mathematical Society}
}

@misc{Tao13,
url={https://terrytao.wordpress.com/2013/01/13/matrix-identities-as-derivatives-of-determinant-identities/},
author={Terence Tao},
title={Matrix identities as derivatives of determinant identities},
year={2013},
month={1},
day={13}}

@misc{cuhk13,
url={https://cuhkmath.wordpress.com/2015/08/14/mean-value-theorems-for-harmonic-functions-on-riemannian-manifolds/},
author={KKK},
title={Mean value properties for harmonic functions on Riemannian manifolds},
year={2015},
month={8},
day={14}}

@misc{Mooney11,
url={https://www.math.uci.edu/~mooneycr/MinimalSurfaces_Notes.pdf},
author={Connor Mooney},
title={Minimal Surfaces},
year={2011}}

@article{Battista_2021,
   title={What is a reduced boundary in general relativity?},
   volume={30},
   ISSN={1793-6594},
   url={http://dx.doi.org/10.1142/S0218271821500504},
   DOI={10.1142/s0218271821500504},
   number={07},
   journal={International Journal of Modern Physics D},
   publisher={World Scientific Pub Co Pte Lt},
   author={Battista, Emmanuele and Esposito, Giampiero},
   year={2021},
   month={4},
   pages={2150050}
}

@article{deGiorgi55,
author={Ennio de Giorgi},
title={Nuovi teoremi relativi alle misure (r-1)-dimensionali inn uno spazio ad r dimensioni},
journal={Ricerche di Matematica},
year={1955},
pages={95-113},
volume={04}
}

@article{Ziemer1992,
author = {Ziemer, William and Williams, Graham and Sternberg, Peter},
year = {1992},
month = {08},
pages = {35-60},
title = {Existence, uniqueness, and regularity for functions of least gradient},
volume = {1992},
journal = {Journal Fur Die Reine Und Angewandte Mathematik - J REINE ANGEW MATH},
doi = {10.1515/crll.1992.430.35}
}

@misc{spradlin2013traces,
      title={Not all traces on the circle come from functions of least gradient in the disk}, 
      author={Greg Spradlin and Alexandru Tamasan},
      year={2013},
      eprint={1311.1494},
      archivePrefix={arXiv},
      primaryClass={math.AP}
}

@book{Pugh02,
	author = {Charles Chapman Pugh},
	title = {Real mathematical analysis },
	publisher = {Springer},
	year = {2002},
}

@misc{Lahti16,
author={Panu Lahti},
year={2016},
title={Minicourse on BV functions},
url={https://www.maths.ox.ac.uk/system/files/attachments/BV_minicourse_Slides_Version3.pdf},
}

@book{federer2014geometric,
  title={Geometric Measure Theory},
  author={Federer, H.},
  isbn={9783642620102},
  series={Classics in Mathematics},
  url={https://books.google.com/books?id=jld-BgAAQBAJ},
  year={2014},
  publisher={Springer Berlin Heidelberg}
}

@article{deGiorgi61,
author={Ennio de Giorgi},
title={Frontiere orientate di misura minima},
journal={Sem. di Mat. de Scuola Norm. Sup. Pisa},
year={1960-1961},
pages={1-56}}

@book{gilbarg2015elliptic,
  title={Elliptic Partial Differential Equations of Second Order},
  author={Gilbarg, D. and Trudinger, N.S.},
  isbn={9783642617980},
  series={Classics in Mathematics},
  url={https://books.google.com/books?id=l9L6CAAAQBAJ},
  year={2015},
  publisher={Springer Berlin Heidelberg}
}

@phdthesis{ebin1967,
  author       = {David Gregory Ebin},
  title        = {On the space of Riemannian metrics},
  school       = {Massachusetts Institute of Technology},
  year         = 1967,
  url={https://dspace.mit.edu/handle/1721.1/44764}
}

@article{Aronsson1984,
author = {Aronsson, Gunnar},
journal = {Manuscripta mathematica},
keywords = {separation of variables; p-harmonic equation; singular solutions},
pages = {133-152},
title = {On certain singular solutions of the partial differential equation... .},
url = {http://eudml.org/doc/155008},
volume = {47},
year = {1984},
}

@article{Evans08,
author={Savin, O. and Evans, L.},
journal={Calculus of Variations},
volume={32},
year={2008},
title={$C^{1, \alpha}$-regularity for infinity harmonic functions on two dimensions},
pages={325-347},
},

@article{Ruelle75,
author={Ruelle, D. and Sullivan, D.},
journal={Topology},
volume={14},
year={1975},
title={Currents, flows, and diffeomorphisms},
pages={319-327},
},

@article{Tamasan2019,
   title={A regularized weighted least gradient problem for conductivity imaging},
   volume={35},
   ISSN={1361-6420},
   url={http://dx.doi.org/10.1088/1361-6420/aaf2fd},
   DOI={10.1088/1361-6420/aaf2fd},
   number={4},
   journal={Inverse Problems},
   publisher={IOP Publishing},
   author={Tamasan, A and Timonov, A},
   year={2019},
   month={3},
   pages={045006} }

@article{Nachman2009,
title={Recovering the conductiity from a single measurement of interior data},
volume={25},
url={https://iopscience.iop.org/article/10.1088/0266-5611/25/3/035014/meta},
journal={Inverse Problems},
publisher={IOP Publishing},
author={Nachman, A and Tasaman, A and Timonov, A},
year={2009},
month={2},
pages={035014},
}

@article{ZiemerWilliamsSternberg1992,
author = {W. Ziemer and G. Williams and P. Sternberg},
doi = {doi:10.1515/crll.1992.430.35},
url = {https://doi.org/10.1515/crll.1992.430.35},
title = {Existence, uniqueness, and regularity for functions of least gradient.},
journal = {},
number = {430},
volume = {1992},
year = {1992},
pages = {35--60}
}

@book{lee1997riemannian,
  title={Riemannian Manifolds: An Introduction to Curvature},
  author={Lee, J.M.},
  isbn={9780387982717},
  lccn={97014537},
  series={Graduate Texts in Mathematics},
  url={https://books.google.com/books?id=ZRQgH7FQafgC},
  year={1997},
  publisher={Springer New York}
}

@inproceedings{Uhlenbeck1983ClosedMS,
  title={Closed minimal surfaces in hyperbolic 3-manifolds},
  author={Karen K. Uhlenbeck},
  year={1983}
}

@INPROCEEDINGS{Joy09,

  author={Joy, Michael and Nachman, Adrian and DeMonte, Tim and Wang, Dinghui and Ma, Weijing},

  booktitle={2009 Annual International Conference of the IEEE Engineering in Medicine and Biology Society}, 

  title={Electrical conductivity imaging using MRI measurement of the magnetic field vector}, 

  year={2009},

  volume={},

  number={},

  pages={3158-3161},

  doi={10.1109/IEMBS.2009.5334030}}

@book{zworski2012semiclassical,
  title={Semiclassical Analysis},
  author={Zworski, M.},
  isbn={9780821883204},
  lccn={2012010649},
  series={Graduate studies in mathematics},
  url={https://books.google.com/books?id=3Z0CAQAAQBAJ},
  year={2012},
  publisher={American Mathematical Society}
}

@misc{MO68766,
    TITLE = {Complex manifolds in which the exponential map is holomorphic},
    AUTHOR = {Robert Bryant},
    year = {2011},
    month = {6},
    HOWPUBLISHED = {MathOverflow},
    EPRINT = {https://mathoverflow.net/q/68766},
}

@article{HakkarainenKorteLahtiShanmugalingam+2015,
author = {H. Hakkarainen and R. Korte and P. Lahti and N. Shanmugalingam},
doi = {doi:10.1515/agms-2015-0009},
url = {https://doi.org/10.1515/agms-2015-0009},
title = {Stability and Continuity of Functions of Least Gradient},
journal = {Analysis and Geometry in Metric Spaces},
number = {1},
volume = {3},
year = {2015},
pages = {000010151520150009},
lastchecked = {2022-06-12}
}

@inproceedings{Ambrosio2000FunctionsOB,
  title={Functions of Bounded Variation and Free Discontinuity Problems},
  author={Luigi Ambrosio and Diego Pallara and Nicola Fusco},
  year={2000}
}
