@misc{daskalopoulos2020transverse,
      title={Transverse Measures and Best Lipschitz and Least Gradient Maps}, 
      author={Georgios Daskalopoulos and Karen Uhlenbeck},
      year={2022},
      month={5},
      day={4},
      eprint={2010.06551},
      archivePrefix={arXiv},
      primaryClass={math.DG}
}

@misc{górny2022dualitybased,
      title={A duality-based approach to gradient flows of linear growth functionals}, 
      author={Wojciech Górny and José M. Mazón},
      year={2022},
      eprint={2212.08725},
      archivePrefix={arXiv},
      primaryClass={math.AP}
}


@article{Kawohl2003,
author = {Kawohl, Bernhard and Fridman, V.},
journal = {Commentationes Mathematicae Universitatis Carolinae},
language = {eng},
number = {4},
pages = {659-667},
publisher = {Charles University in Prague, Faculty of Mathematics and Physics},
title = {Isoperimetric estimates for the first eigenvalue of the $p$-Laplace operator and the Cheeger constant},
url = {http://eudml.org/doc/249207},
volume = {44},
year = {2003},
}

@article{Grieser05,
author = {Grieser, Daniel},
year = {2005},
month = {07},
pages = {},
title = {The first eigenvalue of the Laplacian, isoperimetric constants, and the Max Flow Min Cut Theorem},
volume = {87},
journal = {Archiv der Mathematik},
doi = {10.1007/s00013-005-1623-4}
}

@misc{górny2021applications,
      title={Applications of optimal transport methods in the least gradient problem}, 
      author={Wojciech Górny},
      year={2021},
      eprint={2102.05887},
      archivePrefix={arXiv},
      primaryClass={math.AP}
}

@misc{liu2023homologically,
      title={Homologically area-minimizing surfaces that cannot be calibrated}, 
      author={Zhenhua Liu},
      year={2023},
      eprint={2310.19860},
      archivePrefix={arXiv},
      primaryClass={math.DG}
}

@article{Costabel2010,
author={Costabel, Martin
and McIntosh, Alan},
title={On Bogovski{\u{\i}} and regularized Poincar{\'e} integral operators for de Rham complexes on Lipschitz domains},
journal={Mathematische Zeitschrift},
year={2010},
month={06},
day={01},
volume={265},
number={2},
pages={297-320},
issn={1432-1823},
doi={10.1007/s00209-009-0517-8},
url={https://doi.org/10.1007/s00209-009-0517-8}
}

@book{taylor2010partial,
  title={Partial Differential Equations I: Basic Theory},
  author={Taylor, M.E.},
  isbn={9781441970558},
  lccn={2010937758},
  series={Applied Mathematical Sciences},
  url={https://books.google.com/books?id=JhL8oTCm49EC},
  year={2010},
  publisher={Springer New York}
}
