@article{deGiorgi57,
  title={Sulla differenziabilità e l'analiticità delle estremali degli integrali multipli regolari},
  author={de Giorgi, Ennio},
  journal={Memorie della Accademia delle Scienze di Torino. Classe di Scienze Fisiche, Matematicahe e Naturali},
  year={1957},
  volume={3},
  month={12},
  pages={25-43},
}

@book{Giusti77,
author = {Giusti, Enrico},
address = {Canberra},
booktitle = {Minimal surfaces and functions of bounded variation},
isbn = {0708112943},
keywords = {Minimal surfaces},
language = {eng},
lccn = {79306909},
publisher = {Dept. of Pure Mathematics},
series = {Notes on pure mathematics ; 10},
title = {Minimal surfaces and functions of bounded variation},
year = {1977},
}

@misc{daskalopoulos2020transverse,
      title={Transverse Measures and Best Lipschitz and Least Gradient Maps},
      author={Georgios Daskalopoulos and Karen Uhlenbeck},
      year={2020},
      eprint={2010.06551},
      archivePrefix={arXiv},
      primaryClass={math.DG}
}
