
@article{bangert_cui_2017, title={Calibrations and laminations}, volume={162}, DOI={10.1017/S0305004116000475}, number={1}, journal={Mathematical Proceedings of the Cambridge Philosophical Society}, publisher={Cambridge University Press}, author={BANGERT, VICTOR and CUI, XIAOJUN}, year={2017}, pages={151–171}}

@book{kinnunen2021maximal,
  title={Maximal Function Methods for Sobolev Spaces},
  author={Kinnunen, J. and Lehrb{\"a}ck, J. and V{\"a}h{\"a}kangas, A.},
  isbn={9781470465759},
  lccn={2021013318},
  series={Mathematical Surveys and Monographs},
  url={https://books.google.com/books?id=-vU8EAAAQBAJ},
  year={2021},
  publisher={American Mathematical Society}
}

@misc{daskalopoulos2022transverse,
      title={Transverse Measures and Best Lipschitz and Least Gradient Maps}, 
      author={Georgios Daskalopoulos and Karen Uhlenbeck},
      year={2022},
      eprint={2010.06551},
      archivePrefix={arXiv},
      primaryClass={math.DG}
}

@article{CHOPP199377,
title = {Computing Minimal Surfaces via Level Set Curvature Flow},
journal = {Journal of Computational Physics},
volume = {106},
number = {1},
pages = {77-91},
year = {1993},
issn = {0021-9991},
doi = {https://doi.org/10.1006/jcph.1993.1092},
url = {https://www.sciencedirect.com/science/article/pii/S0021999183710922},
author = {David L. Chopp}
}

@misc{katzourakis2022vectorvalued,
      title={On a vector-valued generalisation of viscosity solutions for general PDE systems}, 
      author={Nikos Katzourakis},
      year={2022},
      eprint={1812.10069},
      archivePrefix={arXiv},
      primaryClass={math.AP}
}

@article{Evans08,
author = {Evans, Lawrence and Savin, Ovidiu},
year = {2008},
month = {01},
pages = {325-347},
title = {C1alpha regularity for infinity harmonic functions in two dimensions},
volume = {32},
journal = {Calculus of Variations and Partial Differential Equations},
doi = {10.1007/s00526-007-0143-4}
}

@article{Loisel20,
   title={Efficient algorithms for solving the p-Laplacian in polynomial time},
   volume={146},
   ISSN={0945-3245},
   url={http://dx.doi.org/10.1007/s00211-020-01141-z},
   DOI={10.1007/s00211-020-01141-z},
   number={2},
   journal={Numerische Mathematik},
   publisher={Springer Science and Business Media LLC},
   author={Loisel, S.},
   year={2020},
   month={8},
   pages={369–400} }

   @misc{naff2022prescribed,
      title={The prescribed point area estimate for minimal submanifolds in constant curvature}, 
      author={Keaton Naff and Jonathan J. Zhu},
      year={2022},
      eprint={2206.08302},
      archivePrefix={arXiv},
      primaryClass={math.DG}
}

@article{Li_2022,
	doi = {10.1007/s00222-022-01156-3},
  
	url = {https://doi.org/10.1007%2Fs00222-022-01156-3},
  
	year = 2022,
	month = {sep},
  
	publisher = {Springer Science and Business Media {LLC}
},
  
	volume = {231},
  
	number = {3},
  
	pages = {931--1021},
  
	author = {Jialun Li and Wenyu Pan},
  
	title = {Exponential mixing of geodesic flows for geometrically finite hyperbolic manifolds with cusps},
  
	journal = {Inventiones mathematicae}
}