@article{Dyatlov_2018,
	doi = {10.2140/apde.2018.11.1457},
  
	url = {https://doi.org/10.2140%2Fapde.2018.11.1457},
  
	year = 2018,
	month = {may},
  
	publisher = {Mathematical Sciences Publishers},
  
	volume = {11},
  
	number = {6},
  
	pages = {1457--1485},
  
	author = {Semyon Dyatlov and Long Jin},
  
	title = {Dolgopyat's method and the fractal uncertainty
		principle},
  
	journal = {Analysis and PDE},
}
}